<?xml version="1.0" encoding="UTF-8"?><collection xmlns="http://www.loc.gov/MARC21/slim"><record><leader>00412nam--2200133-i-4500</leader><controlfield tag="001">000045098</controlfield><controlfield tag="002">20161230</controlfield><controlfield tag="005">20161230201044</controlfield><controlfield tag="008">060222s1000------------r-----000-0-eng-d</controlfield><datafield ind1=" " ind2=" " tag="100"><subfield code="a">Tonnelat, Marie Antoinette</subfield></datafield><datafield ind1=" " ind2=" " tag="245"><subfield code="a">La theorie du champ unifie d`einstein et quelques-uns de ses developpements</subfield></datafield><datafield ind1=" " ind2=" " tag="260"><subfield code="a">Paris, Gauthier-villars, 1955, X + 156p</subfield></datafield><datafield ind1=" " ind2=" " tag="490"><subfield code="a">Les Grands Problemes Des Sciences</subfield></datafield><datafield ind1=" " ind2=" " tag="852"><subfield code="a">11939</subfield></datafield></record></collection>